
a)
@book{tanenbaum,
        place={México}, edition={2},
        title={Sistemas operativos modernos}, 
        publisher={Pearson Educación},
        author={Tanenbaum, Andrew S. and García Roberto Escalona},
        year={2003}}
@misc{str,
        Author = {{python.org}},
        Publisher = {{python.org}},
        title = {{Built-in Types — Python 3.7.3 documentation}},
        howpublished = "\url{https://docs.python.org/3/library/stdtypes.html}",
        note = "[Online; consultado en  26 de marzo 2019]"}     
        