
a)
@book{tanenbaum,
        place={México}, edition={2},
        title={Sistemas operativos modernos}, 
        publisher={Pearson Educación},
        author={Tanenbaum, Andrew S. and García Roberto Escalona},
        year={2003}}
@misc{pipes,
        Author = {{Michael Kerrisk}},
        Publisher = {{man7.org}},
        title = {{pipe(7) - Linux manual page}},
        howpublished = "\url{http://man7.org/linux/man-pages/man7/pipe.7.html}",
        note = "[Online; consultado en  7 de abril 2019]"} 
        