
a)
@book{tanenbaum,
        place={México}, edition={2},
        title={Sistemas operativos modernos}, 
        publisher={Pearson Educación},
        author={Tanenbaum, Andrew S. and García Roberto Escalona},
        year={2003}}
        
@misc{pthread,
        Author = {{Michael Kerrisk}},
        Publisher = {{man7.org}},
        title = {{pthread\_create(3) - Linux manual page}},
        howpublished = "\url{http://man7.org/linux/man-pages/man3/pthread_create.3.html}",
        note = "[Online; consultado en  5 de mayo 2019]"} 
        
@misc{threads,
        Author = {{GeeksforGeeks}},
        Publisher = {{www.geeksforgeeks.org}},
        title = {{MultiThreading in C  - GeeksforGeeks}},
        howpublished = "\url{https://www.geeksforgeeks.org/multithreading-c-2/}",
        note = "[Online; consultado en  5 de mayo 2019]"} 

@misc{voidPoint,
        Author = {{GeeksforGeeks}},
        Publisher = {{www.geeksforgeeks.org}},
        title = {{void pointer in C/C++ - Linux manual page}},
        howpublished = "\url{https://www.geeksforgeeks.org/void-pointer-c-cpp/}",
        note = "[Online; consultado en  5 de mayo 2019]"}
        
@misc{thrdfinish,
        Author = {{perreal}},
        Publisher = {{www.stackoverflow.org}},
        title = {{re: How to make main thread wait for all child threads finish?}},
        howpublished = "\url{https://stackoverflow.com/questions/11624545/how-to-make-main-thread-wait-for-all-child-threads-finish}",
        note = "[Online; consultado en  5 de mayo 2019]"}
        
        
        