@misc{WEB1,
  author = {Alex Kolesnyk},
  title = {{How to develop your own Boot Loader}},
  howpublished = "\url{https://www.codeproject.com/KB/tips/boot-loader.aspx?fid=1541607&df=90&mpp=25&noise=3&sort=Position&view=Quick&fr=1#_Toc231383187}",
  note = "[Online; consultado en  9-Febrero-2019]"
}

@misc{MagicNumber,
  Author = {{Paul de Weerd, UNIX and network engineer}},
  Publisher = {{The Mail Archive}},
  title = {{Re: fdisk / signature: 0xAA55}},
  howpublished = "\url{https://www.mail-archive.com/misc@openbsd.org/msg18029.html}",
  note = "[Online; consultado en  9-Febrero-2019]"
}
