
a)
@misc{HowtoHello,
  Author = {{Eugene Obrezkov}},
  Publisher = {{medium.com}},
  title = {{How to implement your own “Hello, World!” boot loader}},
  howpublished = "\url{https://blog.ghaiklor.com/how-to-implement-your-own-hello-world-boot-loader-c0210ef5e74b}",
  note = "[Online; consultado en  25-Febrero-2019]"
}
@misc{BasicBootloader,
  Author = {{anonymous}},
  Publisher = {{stackoverflow.com}},
  title = {{Basic NASM bootstrap}},
  howpublished = "\url{https://stackoverflow.com/questions/10853425/basic-nasm-bootstrap}",
  note = "[Online; consultado en  25-Febrero-2019]"
}

@misc{list,
  Author = {{Gabriele Cecchetti}},
  Publisher = {{http://www.gabrielececchetti.it/}},
  title = {{The list of all interrupts that are currently supported by the emulator. }},
  howpublished = "\url{http://www.gabrielececchetti.it/Teaching/CalcolatoriElettronici/Docs/i8086_and_DOS_interrupts.pdf}",
  note = "[Online; consultado en  3-Marzo-2019]"
}

@misc{Int10h ,
  Author = {{ King Fahd University of Petroleum & Minerals}},
  title = {{BIOS Interrupts }},
  howpublished = "\url{http://faculty.kfupm.edu.sa/COE/aimane/assembly/pagegen-141.aspx.htm}",
  note = "[Online; consultado en  3-Marzo-2019]"
}

@misc{cld,
  Author = {{Melika}},
  Publisher = {{stackoverflow.com}},
  title = {{What are cld and std for in x86 assembly...}},
  howpublished = "\url{https://stackoverflow.com/questions/9636691/what-are-cld-and-std-for-in-x86-assembly-language-what-does-df-do/9636772}",
  note = "[Online; consultado en  25-Febrero-2019]"
}

@misc{DF,
  Author = {{Fahad Uddin}},
  Publisher = {{stackoverflow.com}},
  title = {{Direction Flag in x86}},
  howpublished = "\url{https://stackoverflow.com/questions/10380076/direction-flag-in-x86}",
  note = "[Online; consultado en  25-Febrero-2019]"
}

@misc{banderas,
  Author = {{linuxassembly}},
  Publisher = {{http://www.posix.nl}},
  title = {{The Netwide Assembler: NASM}},
  howpublished = "\url{http://www.posix.nl/linuxassembly/nasmdochtml/nasmdoca.html}",
  note = "[Online; consultado en  25-Febrero-2019]"
}

@misc{dirMem,
  Author = {{Dirk Wolfgang Glomp}},
  Publisher = {{stackoverflow.com}},
  title = {{RE: bootloader printing on video memory 0xb8000}},
  howpublished = "\url{https://stackoverflow.com/questions/22961979/bootloader-printing-on-video-memory-0xb8000}",
  note = "[Online; consultado en  25-Febrero-2019]"
}

@misc{MagicNumber,
  Author = {{Paul de Weerd, UNIX and network engineer}},
  Publisher = {{The Mail Archive}},
  title = {{Re: fdisk / signature: 0xAA55}},
  howpublished = "\url{https://www.mail-archive.com/misc@openbsd.org/msg18029.html}",
  note = "[Online; consultado en  25-Febrero-2019]"
}
